@misc{Johnston2022ComputerDiagnosis,
    title = {{Computer Vision ECG Diagnosis}},
    year = {2022},
    author = {Johnston, Robert},
    month = {4},
    url = {https://github.com/robertej19/MLEKG},
    address = {Cambridge}
}